<record><leader>00000cas a2200000 a 4500</leader><controlfield tag="001">51983897</controlfield><controlfield tag="008">030405d19741983iluwr ne      0   a0eng c</controlfield><datafield ind1=" " ind2=" " tag="010"><subfield code="a">sn2003060820</subfield></datafield><datafield ind1=" " ind2=" " tag="040"><subfield code="a">CVF</subfield><subfield code="b">eng</subfield><subfield code="c">CVF</subfield><subfield code="d">NVF</subfield><subfield code="d">OCLCQ</subfield><subfield code="d">OCLCF</subfield><subfield code="d">NVF</subfield><subfield code="d">OCLCO</subfield><subfield code="d">OCL</subfield></datafield><datafield ind1=" " ind2=" " tag="042"><subfield code="a">pcc</subfield></datafield><datafield ind1=" " ind2=" " tag="043"><subfield code="a">n-us-il</subfield></datafield><datafield ind1="0" ind2="0" tag="245"><subfield code="a">Fremont patriot.</subfield></datafield><datafield ind1=" " ind2=" " tag="260"><subfield code="a">Wauconda, Ill. :</subfield><subfield code="b">Lakeland Newspapers,</subfield><subfield code="c">1974-1983.</subfield></datafield><datafield ind1=" " ind2=" " tag="300"><subfield code="a">v.</subfield></datafield><datafield ind1=" " ind2=" " tag="310"><subfield code="a">Weekly</subfield></datafield><datafield ind1="0" ind2=" " tag="362"><subfield code="a">Vol. 32, no. 10 (Mar. 7, 1974)-Dec. 29, 1983.</subfield></datafield><datafield ind1=" " ind2="0" tag="651"><subfield code="a">Fremont (Ill. : Township)</subfield><subfield code="v">Newspapers.</subfield></datafield><datafield ind1=" " ind2="7" tag="651"><subfield code="a">Illinois</subfield><subfield code="z">Fremont (Township)</subfield><subfield code="2">fast</subfield><subfield code="0">(OCoLC)fst01211246</subfield></datafield><datafield ind1=" " ind2="7" tag="655"><subfield code="a">Newspapers.</subfield><subfield code="2">fast</subfield><subfield code="0">(OCoLC)fst01423814</subfield></datafield><datafield ind1=" " ind2=" " tag="752"><subfield code="a">United States</subfield><subfield code="b">Illinois</subfield><subfield code="c">Lake</subfield><subfield code="d">Wauconda.</subfield></datafield><datafield ind1="0" ind2="0" tag="785"><subfield code="a">Mundelein news</subfield><subfield code="w">(DLC)sn 84002884</subfield><subfield code="w">(OCoLC)10378320</subfield></datafield><datafield ind1="1" ind2=" " tag="029"><subfield code="a">AU@</subfield><subfield code="b">000025952728</subfield></datafield></record>